%
%  Vzor bibliografické databáze pro automatickou tvorbu seznamu referencí
%  pomocí BibTeXu
%
%  Doporučený software pro správu databáze literatury formátu *.bib:
%    JabRef, http://jabref.sourceforge.net/
%
%  POZOR:
%
%    *  Písmena v názvech publikací, jež je třeba tisknout vždy velká, se musejí psát
%       do složených závorek ({T}hailand, {HIV})
%
%  ===========================================================================

@BOOK{Pecakova2018,
  title = {Statistika v terénních průzkumech},
  publisher = {Professional Publishing},
  year = {2018},
  author = {Pecáková, Iva},
  address = {Praha},
  isbn = {978-80-88260-10-3}
}


@incollection{Cermak2018,
  author = "Čermák, Radim and Smutný, Zdeněk",
  year = "2018",
  isbn = "978-1-5225-2727-5",
  url = "https://doi.org/10.4018/978-1-5225-2727-5.ch013",
  doi = "10.4018/978-1-5225-2727-5.ch013",
  title = "A Framework for Cultural Localization of Websites and for Improving Their Commercial Utilization",
  booktitle = "Global Observations of the Influence of Culture on Consumer Buying Behavior",
  address = "Hershey",
  publisher = "IGI Global",
  pages = "206-232",
}

@inproceedings{Hladik2018,
  author = "Hladík, Milan and Černý, Michal",
  year = "2018",
  isbn = "978-3-319-67136-9",
  url = "https://link.springer.com/chapter/10.1007%2F978-3-319-67137-6_31",
  doi = "10.1007/978-3-319-67137-6_31",
  title = "The Shape of the Optimal Value of a Fuzzy Linear Programming Problem",
  booktitle = "Fuzzy Logic in Intelligent System Design",
  address = "Cham",
  publisher = "Springer",
  pages = "281-286",
  series = "Advances in Intelligent Systems and Computing 648",
  venue = "Cancum",
  eventdate = "2017-10-16/2017-10-18",
}

@article{Jasek2018,
  author = "Jašek, Pavel and Vraná, Lenka and Šperková, Lucie and Smutný, Zdeněk and Kobulský, Marek",
  year = "2018",
  url = "http://www.mdpi.com/2227-9709/5/1/2/pdf",
  title = "Modeling and Application of Customer Lifetime Value in Online Retail",
  journal = "Informatics",
  volume = "5",
  number = "1",
  numpages = "22",
}

@misc{FacebookRNGithub,
	author = {Jesse Katsumata},
	title = {React Native},
	year = {2020},
	publisher = {GitHub},
	journal = {GitHub repository},
	howpublished = {\url{https://github.com/facebook/react-native}},
	commit = {7007df61987cb408a7038bfe01ae140fdc4ee8e9}
}

@misc{FlexboxMDN,
	title = {Basic Concepts of Flexbox},
	subtitle = {CSS Flexible Box Layout},
	publisher = {MDN Web Docs},
	address = {Mountain View},
	year = {2019},
	medium = {online},
	accessed = {2020-04-11},
	URL = {https://developer.mozilla.org/en-US/docs/Web/CSS/CSS_Flexible_Box_Layout/Basic_Concepts_of_Flexbox},
}

@misc{FacebookRNGithub,
	author = {Jesse Katsumata},
	title = {React Native},
	year = {2020},
	publisher = {GitHub},
	journal = {GitHub repository},
	howpublished = {\url{https://github.com/facebook/react-native}},
	commit = {7007df61987cb408a7038bfe01ae140fdc4ee8e9}
}

@book{amlaner2013handbook,
	title={A handbook on biotelemetry and radio tracking: proceedings of an International Conference on Telemetry and Radio Tracking in Biology and Medicine, Oxford, 20-22 March 1979},
	author={Amlaner, Charles J and Macdonald, David W},
	year={1980},
	publisher={Elsevier},
	pages   = {4-7},
	isbn = {9781483189314},
	address = {Amsterdam}
}

@article{fuller1948radio,
	title={The radio inductograph—a device for recording physiological activity in unrestrained animals},
	author={Fuller, JL and Gordon, TM},
	journal={Science},
	volume={108},
	number={2802},
	pages={287--288},
	year={1948},
	publisher={American Association for the Advancement of Science}
}

@misc{Farve2014,
	author = {Rey Farve},
	journal = {United States Forest Service},
	title = {Demonstration of Satellite/GPS Telemetry for Monitoring Fine-Scale Movements of Lesser Prairie-Chickens},
	publisher = {United States Forest Service},
	address = {Washington D.C.},
	year = {2014},
	medium = {online},
	accessed = {2020-04-30},
	URL = {https://www.fs.fed.us/t-d/programs/im/satellite_gps_telemetry/wildlifetrackingtelementry.htm},
}

@article{sokolov2011modern,
	title={Modern telemetry: new possibilities in ornithology},
	author={Sokolov, LV},
	journal={Biology Bulletin},
	volume={38},
	number={9},
	pages={885--904},
	year={2011},
	publisher={Springer}
}

@article{stoynov2018early,
	title={Early warning system for wildlife poisoning, using intensive GPS tracked vultures as detectives},
	author={Stoynov, Emilian and Peshev, Hristo and Grozdanov, Atanas},
	year={2018},
	publisher = {Fund for Wild Flora and Fauna},
	address = {Blagoevgrad},
	doi = {10.13140/RG.2.2.28251.41760}
}

@misc{krouzkovaniPtaku,
	journal = {Kroužkování ptáků},
	title = {O kroužkování ptáků},
	publisher = {Společnost spolupracovníků Kroužkovací stanice Národního muzea},
	address = {Praha},
	year = {2017},
	medium = {online},
	accessed = {2020-04-30},
	URL = {http://krouzkovaniptaku.cz/o-krouzkovani-ptaku/},
}

@misc{krouzkovaniPtakuHistorie,
	journal = {Kroužkování ptáků},
	title = {Historie},
	publisher = {Společnost spolupracovníků Kroužkovací stanice Národního muzea},
	address = {Praha},
	year = {2017},
	medium = {online},
	accessed = {2020-04-30},
	URL = {http://krouzkovaniptaku.cz/historie/},
}

@book{historiaAnimalium,
	author = {Aristoteles and D. M. Balme},
	title = {Historia Animalium},
	publisher = {Harvard University Press},
	address = {Cambridge},
	year = {1965},
	edition = {1},
	ISBN = {0674994817},
}

@misc{krouzkovaniPtakuAnitra,
	journal = {Kroužkování ptáků},
	title = {Anitra – nová česká značka na poli telemetrie ptáků},
	publisher = {Společnost spolupracovníků Kroužkovací stanice Národního muzea},
	address = {Praha},
	year = {2019},
	medium = {online},
	accessed = {2020-04-30},
	URL = {http://krouzkovaniptaku.cz/anitra-nova-ceska-znacka-na-poli-telemetrie-ptaku/},
}

@book{podnikovaInformatikaNestrukturovanaData,
	title={Podnikov{\'a} informatika: Po{\v{c}}{\'\i}ta{\v{c}}ov{\'e} aplikace v podnikov{\'e} a mezipodnikov{\'e} praxi - 3., aktualizovan{\'e} vyd{\'a}n{\'\i}},
	author={Libor, G. and Zuzana, {\v{S}}. and Jan, P.},
	isbn={9788024799186},
	url={https://books.google.cz/books?id=acxuCwAAQBAJ},
	year={2015},
	publisher={Grada Publishing a.s.},
	address = {Praha},
	pages={175}
}

@book{sklenák2001data,
	title={Data, informace, znalosti a Internet},
	author={Sklen{\'a}k, V.},
	isbn={9788071794097},
	series={C.H. Beck pro praxi},
	url={https://books.google.cz/books?id=UJh-gLdTH8IC},
	year={2001},
	publisher={C.H. Beck},
	address = {Praha},
	pages={2}
}

@misc{gartnerGlossary,
	journal = {Gartner IT Glossary},
	title = {Geographic Information System},
	author = {Gartner},
	publisher = {Gartner, Inc.},
	address = {Stamford},
	year = {2020},
	medium = {online},
	accessed = {2020-05-01},
	URL = {https://www.gartner.com/en/information-technology/glossary/geographic-information-systems-gis},
}

